
@article{master_kusaba,
  title={A64FXスーパーコンピュータにおける電力ばらつきとシステム運用への応用},
  author={草場　智也},
  journal={},
  volume={39},
  pages={1-39},
  year={2025},
  publisher={UEC}
}

@article{HPC_system_fail,
  title={Reading between the lines of failure logs: Understanding how HPC systems fail},
  author={N. El-Sayed and B. Schroeder},
  journal={ 2013 43rd Annual IEEE/IFIP International Conference on Dependable Systems and Networks (DSN)},
  vol={12},
  year={2013}
}

@misc{k_HPC,
  title={Long term failure analysis of 10 petascale supercomputer},
  author={Fumiyoshi Shoji1, Shuji Matsui, Mitsuo Okamoto, Fumichika Sueyasu,
Toshiyuki Tsukamoto, Atsuya Uno, Keiji Yamamoto},
  booktitle={Award-winning poster and slides from ISC15},
  vol={},
  year={2015}
}

@webpage{Fugaku_Web,
	author =	{理化学研究所計算科学研究センター},
	title =		{「富岳」について},
        organization = {},
	url =	{https://www.r-ccs.riken.jp/fugaku/},
	refdate =	{2025-05-12}}
 
@webpage{Graph500,
	author =	{Graph500},
	title =		{JUNE 2023 BFS},
        organization = {},
	url =	{https://graph500.org/?page\_id=1182},
	refdate =	{2023-06-21}}
 
@webpage{HPCG,
	author =	{TOP500},
	title =		{HPCG - November 2024},
        organization = {TOP500.org},
	url =	{https://www.top500.org/lists/hpcg/2024/11/},
	refdate =	{2025-05-12}}

@webpage{IntelXSRpic,
	author =	{Arijit Biswas and Sailesh Kottapalli, Intel},
	title =		{Next-Gen Intel Xeon CPU - Sapphire Rapids},
	organization =	{Hot Chips 33},
	url =	{https://hc33.hotchips.org/},
	refdate =	{2023-06-20}}

@webpage{A64FXpic,
	author =	{岡崎 亮平 and 田端 猛一 and 坂下 聡太 and 北村 健一 and 高木 紀子 and 坂田 英樹 and 石橋 武史 and 中村 武夫 and 安島 雄一郎},
	title =		{高性能・高密度実装・低消費電力を実現するスーパーコンピュータ「富岳」のCPU A64FX},
	organization =	{富士通},
	url =	{https://www.fujitsu.com/jp/about/resources/publications/technicalreview/2020-03/article03.html},
	refdate =	{2023-06-20}}

@article{cachecompression,
	author ={DANIEL RODRIGUES CARVALHO and ANDRÉ SEZNEC},
	title =	{Understanding Cache Compression},
	booktitle =	{ACM Trans. Archit. Code Optim},
	year={2021},
    volume={18},
    number={3},
    pages={}}

@article{uprefetch,
  author={Bhadauria, Major and Weaver, Vincent M. and McKee, Sally A.},
  booktitle={2009 IEEE International Symposium on Workload Characterization (IISWC)}, 
  title={Understanding {PARSEC} performance on contemporary {CMPs}}, 
  year={2009},
  volume={},
  number={},
  pages={98-107}
}


  
@article{bingo,
  author={Bakhshalipour, Mohammad and Shakerinava, Mehran and Lotfi-Kamran, Pejman and Sarbazi-Azad, Hamid},
  booktitle={2019 IEEE International Symposium on High Performance Computer Architecture {(HPCA)}}, 
  title={Bingo Spatial Data Prefetcher}, 
  year={2019},
  volume={},
  number={},
  pages={399-411}
}

@article{ipcp,
  author={Pakalapati, Samuel and Panda, Biswabandan},
  booktitle={2020 ACM/IEEE 47th Annual International Symposium on Computer Architecture {(ISCA)}}, 
  title={Bouquet of Instruction Pointers: Instruction Pointer Classifier-based Spatial Hardware Prefetching}, 
  year={2020},
  volume={},
  number={},
  pages={118-131},
  doi={10.1109/ISCA45697.2020.00021}
}

@article{mlop,
  title= {Multi-Lookahead Offset Prefetching},
  author={Mehran Shakerinava and Mohammad Bakhshalipour and Pejman Lotfi-Kamran and Hamid Sarbazi-Azad},
  journal={The 3rd Data Prefetching Championship},
  year={2019}
}

@article{T-SKID,
  title={アドレスとタイミングの予測を分離したデータプリフェッチャ},
  author={小泉 透 and 中村 朋生 and 出川 祐也 and 入江 英嗣 and 坂井 修一 and 塩谷 亮太},
  journal={情報処理学会研究報告},
  volume={2022-ARC-248},
  number={17},
  pages={1-8},
  year={2022},
}

@article{HBM2ref,
author = {Li, Shang and Reddy, Dhiraj and Jacob, Bruce},
title = {A Performance \& Power Comparison of Modern High-Speed DRAM Architectures},
year = {2018},
isbn = {9781450364751},
publisher = {Association for Computing Machinery},
address = {New York, NY, USA},
booktitle = {Proceedings of the International Symposium on Memory Systems},
pages = {341–353},
numpages = {13},
location = {Alexandria, Virginia, USA},
series = {MEMSYS '18}
}

@article{DDRbus,
	author =	{Joaquin Romo},
	title =		{Comparison and overview},
	journal =	{Beyond Bits},
	volume =	{Issue 2 Summer 2007},
	pages =		{70-73},
	year =		{2007}}

@article{HBM2intro,
	author =	{藤田 典久 and 小林 諒平 and 山口 佳樹 and 朴 泰祐},
	title =		{HBM2メモリを持つFPGAボードの性能評価},
	journal =	{研究報告ハイパフォーマンスコンピューティング},
	volume =	{2021-HPC-178},
        number =    {6},
	pages =		{1-8},
	year =		{2021}}

@webpage{HBM2bus,
	author =	{MICRON},
	title =		{8GB/16GB HBM2E with ECC Features},
	url =	{https://media-www.micron.com/-/media/client/global/documents/products/data-sheet/dram/hbm2e/8gb\_and\_16gb\_hbm2e\_dram.pdf},
	refdate =	{2023-06-20},
	organization = {}
	}

@webpage{HBM3,
	author =	{JEDEC},
	title =		{High Bandwidth Memory DRAM},
	url =	{https://www.jedec.org/standards-documents/docs/jesd238a},
	organization = {},
	refdate =	{2023-06-20}}

 @webpage{A64FX,
	author =	{富士通},
	title =		{スーパーコンピュータ「富岳」に採用された高性能プロセッサー},
	url =	{https://www.fujitsu.com/downloads/JP/jsuper/a64fx/a64fx\_datasheet\_jp.pdf},
	organization = {富士通},
	refdate =	{2023-06-20}}

@webpage{ChampSim,
        author = {ChampSim},
	title =		{},
	url =	{https://github.com/ChampSim/ChampSim},
	organization = {},
	refdate =	{2023-06-20}}

@webpage{DPC3,
    author = {DPC3},
    title =	 {The 3rd Data Prefetching Championship},
	url =	{https://dpc3.compas.cs.stonybrook.edu/},
	organization = {},
	refdate =	{2023-06-20}}

@webpage{SPEC2017,
    author =	{Daniel Jim\'enez},
    title =		{Traces for SPEC CPU 2017},
	url =	{https://dpc3.compas.cs.stonybrook.edu/champsim-traces/},
	organization = {DPC3},
	refdate =	{2023-06-20}}

@webpage{sazanami,
        author =	{Sakai-Irie Lab},
        title =		{sazanami},
	url =	{https://www.mtl.t.u-tokyo.ac.jp/archives/researches/874},
	organization = {},
	refdate =	{2023-06-20}} 

 @article{StreamIntro,
	author =	{Santhosh Srinath and Onur Mutlu and Hyesoon Kim and Yale N. Patt},
	title =		{Feedback Directed Prefetching:
Improving the Performance and Bandwidth-Efficiency of Hardware Prefetchers},
	journal =	{2007 IEEE 13th International Symposium on High Performance Computer Architecture},
	pages =		{1-8},
	year =		{2007}}

 @article{StrideIntro,
	author =	{中村 朋生 and 甲地 弘幸 and 入江 英嗣 and 坂井 修一},
	title =		{高機能なPrefetcherに適するキャッシュ置換アルゴリズムの検討とHybrid Prefetcherの提案},
	journal =	{情報処理学会研究報告},
	volume =	{2018-ARC-231},
        number = {8},
        pages = {1-8},
	year =		{2018}}

@mastersthesis{Streamdd,
	author = {甲地 弘幸},
	title = {プリフェッチの性能を引き出すキャッシュ置換アルゴリズム},
	year = {2018},
	school = {東京大学}
}

@webpage{DRAM,
	author =	{Thiem Van Chu},
	title =		{MIG を使って DRAM メモリを動かそう},
	url =	{https://www.acri.c.titech.ac.jp/wordpress/archives/6767/},
	organization = {東工大},
	refdate =	{2024-01-20}}

@webpage{HBM,
	author =	{AMD},
	title =		{High-Bandwidth Memory (HBM)},
	url =	{https://www.amd.com/system/files/documents/high-bandwidth-memory-hbm.pdf},
	organization = {},
	refdate =	{2024-01-22}}

@webpage{prefetcher,
	author =	{富士通},
	title =		{ハードウェア・プリフェッチとは：用語解説},
	url =	{https://www.fujitsu.com/jp/products/computing/servers/unix/term/hardwareprefetch/},
	organization = {},
	refdate =	{2024-01-22}}